@misc{Sobolev:application-FA-MathPhys,
  title={Применение функционального анализа к математической физике},
  author={Соболев, СА},
  year={1950},
  publisher={Л.: Наука}
}

@book{Kolmogorov-Fomin:Elements-FA,
  title={Элементы теории функций и функционального анализа.},
  author={Колмогоров, А Н and Фомин, С В},
  year={1976},
  publisher={Наука}
}